<collection>
<record>
<leader>07906cpcaa22009617a 4500</leader>
<controlfield tag="001">13557198</controlfield>
<controlfield tag="005">20221020130129.0</controlfield>
<controlfield tag="008">040413i19972009dcu eng </controlfield>
<datafield ind1=" " ind2=" " tag="906">
<subfield code="a">7</subfield>
<subfield code="b">cbc</subfield>
<subfield code="c">orignew</subfield>
<subfield code="d">u</subfield>
<subfield code="e">ncip</subfield>
<subfield code="f">20</subfield>
<subfield code="g">y-folklife</subfield>
</datafield>
<datafield ind1=" " ind2=" " tag="955">
<subfield code="a">
mkru 2004-04-13 ; mkru 2004-05-26 ; mkru 2004-06-08; mkru 2004-10-07; mkru 2005-07-13; mkru 2008-07-30; cker 2010-07-16; cker 2010-09-13; cker 2010-09-15; cker 2010-09-22; mkru 2010-11-02
</subfield>
<subfield code="a">mkru 2012-12-05</subfield>
<subfield code="a">kste 2012-12-12</subfield>
<subfield code="a">mkru 2013-01-08</subfield>
<subfield code="a">masmit 2020-06-18</subfield>
</datafield>
<datafield ind1=" " ind2=" " tag="010">
<subfield code="a"> 2004695153</subfield>
</datafield>
<datafield ind1=" " ind2=" " tag="040">
<subfield code="a">DLC</subfield>
<subfield code="c">DLC</subfield>
<subfield code="d">DLC</subfield>
<subfield code="e">appm</subfield>
<subfield code="d">DLC</subfield>
</datafield>
<datafield ind1=" " ind2=" " tag="043">
<subfield code="a">n-us---</subfield>
</datafield>
<datafield ind1=" " ind2=" " tag="090">
<subfield code="a">AFC 2004/007</subfield>
</datafield>
<datafield ind1="1" ind2="0" tag="245">
<subfield code="a">
National Visionary Leadership Project interviews and conference collection,
</subfield>
<subfield code="f">1997-2009 /</subfield>
<subfield code="c">
collected by the National Visionary Leadership Project.
</subfield>
</datafield>
<datafield ind1="1" ind2=" " tag="246">
<subfield code="i">Title on container:</subfield>
<subfield code="a">National Visionary Leadership Project</subfield>
</datafield>
<datafield ind1=" " ind2=" " tag="300">
<subfield code="a">manuscripts and photographs</subfield>
<subfield code="a">34</subfield>
<subfield code="f">boxes (17 linear feet)</subfield>
</datafield>
<datafield ind1=" " ind2=" " tag="300">
<subfield code="3">manuscripts</subfield>
<subfield code="a">15 v. :</subfield>
<subfield code="b">col. ill. ;</subfield>
<subfield code="c">22 cm.</subfield>
</datafield>
<datafield ind1=" " ind2=" " tag="300">
<subfield code="3">manuscripts</subfield>
<subfield code="a">288 transcripts, unbound.</subfield>
</datafield>
<datafield ind1=" " ind2=" " tag="300">
<subfield code="3">moving images</subfield>
<subfield code="a">1026 videocassettes (Betacam, DVCAM, Mini-DV) :</subfield>
<subfield code="b">sd., col. :</subfield>
<subfield code="c">various sizes.</subfield>
</datafield>
<datafield ind1=" " ind2=" " tag="300">
<subfield code="3">moving images</subfield>
<subfield code="a">7 videocassettes of 7 (VHS) :</subfield>
<subfield code="b">sd., col. ;</subfield>
<subfield code="c">1/2 in.</subfield>
</datafield>
<datafield ind1=" " ind2=" " tag="300">
<subfield code="3">moving images</subfield>
<subfield code="a">12 video discs (CD-ROM) :</subfield>
<subfield code="b">sd., col. ;</subfield>
<subfield code="c">4 3/4 in.</subfield>
</datafield>
<datafield ind1=" " ind2=" " tag="300">
<subfield code="3">graphic materials</subfield>
<subfield code="a">868 photographic prints :</subfield>
<subfield code="b">color ;</subfield>
<subfield code="c">4 x 6 in.</subfield>
</datafield>
<datafield ind1=" " ind2=" " tag="300">
<subfield code="3">graphic materials</subfield>
<subfield code="a">3,351 photographs :</subfield>
<subfield code="b">digital, jpeg files, color.</subfield>
</datafield>
<datafield ind1=" " ind2=" " tag="300">
<subfield code="3">artifact</subfield>
<subfield code="a">1 medal.</subfield>
</datafield>
<datafield ind1="2" ind2=" " tag="505">
<subfield code="a">
2004 accession: Dorothy Height interviews, 1997-2001 -- John Hope Franklin interview, August 26, 1999 -- Edward Brooke interview, October 31, 2001 -- David Dinkins interview, November 8, 2001 -- Cardiss Collins interview, May 2, 2003 -- 2003 Summit on the State of Black America, October 17, 2003 -- Visionary interview excerpts.
</subfield>
</datafield>
<datafield ind1="2" ind2=" " tag="505">
<subfield code="a">
2007 accession: Gordon Parks interview, November 5, 2001 -- Ossie Davis and Ruby Dee interviews, December 4, 2001 -- Constance Baker Motley interview, January 21, 2002 -- Roscoe Lee Browne interview, April 26, 2002 -- Shirley Chisholm interview, May 7, 2002 -- Katherine Dunham interview, May 15, 2002 -- Coretta Scott King interview, September 5, 2002 -- John H. Johnson interview, September 19, 2002 -- Ray Charles interview, October 16, 2002 -- Samuel Gravely, Jr. interview, October 31, 2002.
</subfield>
</datafield>
<datafield ind1="2" ind2=" " tag="505">
<subfield code="a">2008-2010 accession: multiple interviews.</subfield>
</datafield>
<datafield ind1=" " ind2=" " tag="520">
<subfield code="a">
Collection consists of videocassettes and video discs of about 300 full-length oral history interviews with noted African American leaders conducted by Camille O. Cosby, Renee Poussaint, and others for the National Visionary Leadership Project from 1997 to 2009, and includes photographs of the interviewees taken at the time of the interviews. Among those interviewed are Senator Edward Brooke, Congresswoman Cardiss Collins, educator John Hope Franklin, and civil rights activist Dorothy Height, and many others. Topics for these interviews include the civil rights movement; African Americans in the United States Congress and other leadership positions; education in the United States; family histories; the Great Depression; the Great Migration; service in World War II; historically black colleges and universities; African American churches and community leadership; African American leaders in the arts, dance, and music, and many other subjects. There is also a videocassette of the 2003 Summit on the State of Black America, held at the Library of Congress, and sponsored by the National Visionary Leadership Project, but no transcript for this event. Materials were accessioned in 2004, and 2007-2010.
</subfield>
</datafield>
<datafield ind1=" " ind2=" " tag="520">
<subfield code="a">
Collection also includes CD-ROM titled "Visionary Interview Excerpts" with brief excerpts from interviews with the following leaders: Andrew Young, Carmen de Lavallade, Gordon Parks, Dorothy Height, Edward Brooke, Ruby Dee, David Dinkins, Constance Baker Motley, John Hope Franklin, Leatrice McKissack, Geoffrey Holder, and Ossie Davis.
</subfield>
</datafield>
<datafield ind1="8" ind2=" " tag="524">
<subfield code="a">
National Visionary Leadership Project interviews and conference collection (AFC 2004/007), Archive of Folk Culture, American Folklife Center, Library of Congress, Washington, D.C.
</subfield>
</datafield>
<datafield ind1=" " ind2=" " tag="544">
<subfield code="n">
A panel discussion which presented interviews from this collection was held at the Library of Congress on February 22, 2008 and focuses on Carmen De Lavallade, world-class dancer and actress; and Arthur Mitchell, world renowned dancer, choreographer and founder of the Dance Theatre of Harlem. This presentation, National Visionary Leadership Project Showcase, can be accessed throught the Library of Congress website.
</subfield>
</datafield>
<datafield ind1="1" ind2=" " tag="506">
<subfield code="a">
Collection is open for research; access restrictions apply. To request materials, please contact the Folklife Reading Room at https://hdl.loc.gov/loc.afc/folklife.contact
</subfield>
</datafield>
<datafield ind1=" " ind2=" " tag="540">
<subfield code="a">
Duplication of the recorded materials may be governed by copyright and other restrictions.
</subfield>
</datafield>
<datafield ind1=" " ind2=" " tag="541">
<subfield code="a">National Visionary Leadership Project;</subfield>
<subfield code="c">Donation;</subfield>
<subfield code="d">2004-2010.</subfield>
</datafield>
<datafield ind1=" " ind2=" " tag="555">
<subfield code="a">
To see catalog records for individual interviews, search the catalog for AFC 2004/007.
</subfield>
</datafield>
<datafield ind1="0" ind2=" " tag="555">
<subfield code="a">
Finding aid is available in the Library of Congress Folklife Reading Room and at
</subfield>
<subfield code="u">https://hdl.loc.gov/loc.afc/eadafc.af013003</subfield>
</datafield>
<datafield ind1=" " ind2="0" tag="650">
<subfield code="a">African American actors</subfield>
<subfield code="v">Interviews.</subfield>
</datafield>
<datafield ind1=" " ind2="0" tag="650">
<subfield code="a">African American artists</subfield>
<subfield code="v">Interviews.</subfield>
</datafield>
<datafield ind1=" " ind2="0" tag="650">
<subfield code="a">African American athletes</subfield>
<subfield code="v">Interviews.</subfield>
</datafield>
<datafield ind1=" " ind2="0" tag="650">
<subfield code="a">African American authors</subfield>
<subfield code="v">Interviews.</subfield>
</datafield>
<datafield ind1=" " ind2="0" tag="650">
<subfield code="a">African American businesspeople</subfield>
<subfield code="v">Interviews.</subfield>
</datafield>
<datafield ind1=" " ind2="0" tag="650">
<subfield code="a">African American college teachers</subfield>
<subfield code="v">Interviews.</subfield>
</datafield>
<datafield ind1=" " ind2="0" tag="650">
<subfield code="a">African American civil rights workers</subfield>
<subfield code="v">Interviews.</subfield>
</datafield>
<datafield ind1=" " ind2="0" tag="650">
<subfield code="a">African American clergy</subfield>
<subfield code="v">Interviews.</subfield>
</datafield>
<datafield ind1=" " ind2="0" tag="650">
<subfield code="a">African American dancers</subfield>
<subfield code="v">Interviews.</subfield>
</datafield>
<datafield ind1=" " ind2="0" tag="650">
<subfield code="a">African American educators</subfield>
<subfield code="v">Interviews.</subfield>
</datafield>
<datafield ind1=" " ind2="0" tag="650">
<subfield code="a">African American journalists</subfield>
<subfield code="v">Interviews.</subfield>
</datafield>
<datafield ind1=" " ind2="0" tag="650">
<subfield code="a">African American lawyers</subfield>
<subfield code="v">Interviews.</subfield>
</datafield>
<datafield ind1=" " ind2="0" tag="650">
<subfield code="a">African American leadership.</subfield>
</datafield>
<datafield ind1=" " ind2="0" tag="650">
<subfield code="a">African American legislators</subfield>
<subfield code="v">Interviews.</subfield>
</datafield>
<datafield ind1=" " ind2="0" tag="650">
<subfield code="a">African American musicians</subfield>
<subfield code="v">Interviews.</subfield>
</datafield>
<datafield ind1=" " ind2="0" tag="650">
<subfield code="a">African American physicians</subfield>
<subfield code="v">Interviews.</subfield>
</datafield>
<datafield ind1=" " ind2="0" tag="650">
<subfield code="a">African American scientists</subfield>
<subfield code="v">Interviews.</subfield>
</datafield>
<datafield ind1=" " ind2="0" tag="650">
<subfield code="a">African American veterans</subfield>
<subfield code="v">Interviews.</subfield>
</datafield>
<datafield ind1=" " ind2="0" tag="650">
<subfield code="a">African American women</subfield>
<subfield code="v">Interviews.</subfield>
</datafield>
<datafield ind1=" " ind2="0" tag="650">
<subfield code="a">African Americans</subfield>
<subfield code="v">Biography.</subfield>
</datafield>
<datafield ind1=" " ind2="0" tag="650">
<subfield code="a">African Americans</subfield>
<subfield code="x">Education.</subfield>
</datafield>
<datafield ind1=" " ind2="0" tag="650">
<subfield code="a">African Americans</subfield>
<subfield code="x">Employment.</subfield>
</datafield>
<datafield ind1=" " ind2="0" tag="650">
<subfield code="a">African Americans</subfield>
<subfield code="x">History</subfield>
<subfield code="y">20th century.</subfield>
</datafield>
<datafield ind1=" " ind2="0" tag="650">
<subfield code="a">African Americans</subfield>
<subfield code="x">Politics and government.</subfield>
</datafield>
<datafield ind1=" " ind2="0" tag="650">
<subfield code="a">African Americans</subfield>
<subfield code="x">Religion.</subfield>
</datafield>
<datafield ind1=" " ind2="0" tag="650">
<subfield code="a">African Americans</subfield>
<subfield code="x">Social life and customs.</subfield>
</datafield>
<datafield ind1=" " ind2="0" tag="650">
<subfield code="a">Civil rights movements</subfield>
<subfield code="z">United States</subfield>
<subfield code="x">History</subfield>
<subfield code="y">20th century.</subfield>
</datafield>
<datafield ind1=" " ind2="7" tag="655">
<subfield code="a">Interviews.</subfield>
<subfield code="2">aat</subfield>
</datafield>
<datafield ind1=" " ind2="7" tag="655">
<subfield code="a">Transcripts.</subfield>
<subfield code="2">aat</subfield>
</datafield>
<datafield ind1=" " ind2="7" tag="655">
<subfield code="a">Videocassettes.</subfield>
<subfield code="2">aat</subfield>
</datafield>
<datafield ind1=" " ind2="7" tag="655">
<subfield code="a">Digital photographs</subfield>
<subfield code="x">Color</subfield>
<subfield code="y">2000-2010.</subfield>
<subfield code="2">gmgpc</subfield>
</datafield>
<datafield ind1=" " ind2="7" tag="655">
<subfield code="a">Oral histories.</subfield>
<subfield code="2">lcgft</subfield>
</datafield>
<datafield ind1=" " ind2="7" tag="655">
<subfield code="a">Filmed interviews.</subfield>
<subfield code="2">lcgft</subfield>
</datafield>
<datafield ind1="1" ind2=" " tag="700">
<subfield code="a">Cosby, Camille O.</subfield>
<subfield code="q">(Camille Olivia),</subfield>
<subfield code="d">1944-</subfield>
<subfield code="e">interviewer.</subfield>
</datafield>
<datafield ind1="1" ind2=" " tag="700">
<subfield code="a">Poussaint, Renee,</subfield>
<subfield code="e">interviewer.</subfield>
</datafield>
<datafield ind1="2" ind2=" " tag="710">
<subfield code="a">Archive of Folk Culture (Library of Congress)</subfield>
</datafield>
<datafield ind1="2" ind2=" " tag="710">
<subfield code="a">American Folklife Center,</subfield>
<subfield code="e">sponsor.</subfield>
</datafield>
<datafield ind1="2" ind2=" " tag="710">
<subfield code="a">National Visionary Leadership Project,</subfield>
<subfield code="e">collector.</subfield>
</datafield>
<datafield ind1="2" ind2="2" tag="711">
<subfield code="a">Summit on the State of Black America</subfield>
<subfield code="d">(2003 :</subfield>
<subfield code="c">Library of Congress)</subfield>
</datafield>
<datafield ind1="0" ind2="2" tag="740">
<subfield code="a">Visionary interview excerpts.</subfield>
</datafield>
<datafield ind1="0" ind2="2" tag="740">
<subfield code="a">Summit on the state of black America, 2003.</subfield>
</datafield>
<datafield ind1=" " ind2=" " tag="852">
<subfield code="a">DLC-AFC</subfield>
<subfield code="b">Archive of Folk Culture, American Folklife Center,</subfield>
<subfield code="e">
101 Independence Ave. S.E., Washington, DC USA 20540-4610
</subfield>
<subfield code="u">https://hdl.loc.gov/loc.afc/folklife.home</subfield>
</datafield>
<datafield ind1="4" ind2="2" tag="856">
<subfield code="3">Finding aid</subfield>
<subfield code="u">https://hdl.loc.gov/loc.afc/eadafc.af013003</subfield>
</datafield>
<datafield ind1="4" ind2="2" tag="856">
<subfield code="3">
National Visionary Leadership Project Showcase webcast
</subfield>
<subfield code="u">
https://www.loc.gov/today/cyberlc/feature_wdesc.php?rec=4276
</subfield>
</datafield>
<datafield ind1=" " ind2=" " tag="985">
<subfield code="a">afc/ead</subfield>
</datafield>
<datafield ind1=" " ind2=" " tag="985">
<subfield code="a">afc/coll</subfield>
</datafield>
</record>
</collection>